% Archivo de referencias en BibTeX
% ejemplos tomados de bibtex.com

@article{voxel-cone-tracing,
    author = "Cyril Crassin and Fabrice Neyret and Miguel Sainz and Simon Green and Elmar Eisemann",
    title = "Interactive Indirect Illumination Using Voxel Cone Tracing",
    journal = "Computer Graphics Forum",
    year = 2011,
    volume = 30,
    number = 7,
    pages = "1921-1930",
}

@book{pbr,
    author = "Matt Pharr and Wenzel Jakob and Greg Humphreys",
    title = "Physically Based Rendering",
    publisher = "The MIT Press",
    address = "Cambridge, Massachusetts",
    year = 2023
}

@book{rtr,
    author = "Tomas Akenine-Möller and Eric Haines and Naty Hoffman and Angelo Pesce and Michał Iwanicki and Sébastien Hillaire",
    title = "Real Time Rendering",
    publisher = "CRC Press",
    address = "Boca Raton and London and New York",
    year = 2018
}

@article{rendering-equation,
    author = "James T. Kajiya",
    title = "The Rendering Equation",
    journal = "ACM SIGGRAPH Computer Graphics",
    year = 1986,
    volume = 20,
    number = 4,
    pages = "143-150",
}

@book{photon-mapping,
    author = "Henrik Wann Jensen",
    title = "Realistic Image Synthesis Using Photon Mapping",
    publisher = "AK Peters",
    address = "Wellesley, Massachusetts",
    year = 2001,
}

@article{faster-photon-mapping,
    author = "Rui Wang and Rui Wang and Kun Zhou and Minghao Pan and Hujun Bao",
    title = "An Efficient GPU-based Approach for Interactive Global Illumination",
    journal = "ACM Transactions on Graphics",
    year = 2009,
    volume = 28,
    number = 91,
    pages = "1-8",
}

@inproceedings{gigavoxels,
    author = "Cyril Crassin and Fabrice Neyret and Sylvain Lefebvre and Elmar Eisemann",
    title = "GigaVoxels: Ray-Guided Streaming for Efficient and Detailed Voxel Rendering",
    booktitle = "ACM Symposium on Interactive 3D Graphics and Games",
    year = 2009,
    pages = "15-22",
    publisher = "ACM",
    address = "Boston, United States",
}

@book{real-time-volume-graphics,
    author = "Klaus Engel and Markus Hadwiger and Joe M. Kniss and Christof Rezk-salama and and Daniel
Weiskopf",
    title = "Real-time Volume Graphics",
    publisher = "AK Peters",
    address = "Wellesley, Massachusetts",
    year = 2006,
}

@misc{cga-slides,
    title = "Photon mapping",
    author = "Eduardo Fernandez",
    howpublished = "\url{https://www.fing.edu.uy/inco/cursos/cga/Clases/2022/PhotonMapping.pdf}",
    year = 2020,
}

@incollection{opengl-insights,
    author = "Cyril Crassin and Simon Green",
    title = "Octree-Based Sparse Voxelization Using the GPU Hardware Rasterizer",
    editor = "Patrick Cozzi, Christophe Riccio",
    booktitle = "OpenGL Insights",
    publisher = "CRC Press",
    address = "Boca Raton, Florida",
    year = 2012,
}

@inbook{conservative-rasterization,
    title = "Conservative Rasterization",
    author = "Jon Hasselgren and Tomas Akenine-M{\"o}ller and Lennart Ohlsson",
    year = 2005,
    language = "English",
    pages = "677-690",
    booktitle = "GPU Gems 2",
    publisher = "Addison-Wesley",
}

@misc{egui,
    title = "Egui: an easy-to-use GUI in pure Rust",
    author = "Emil Ernerfeldt",
    howpublished = "\url{https://github.com/emilk/egui}",
    year = 2020,
    note = "Última actualización: 8 de mayo 2023 (TODO: Actualizar)",
}

@article{deferred-shading,
    author = "Takafumi Saito and Tokiichiro Takahashi",
    title = "Comprehensive rendering of 3-D shapes",
    journal = "ACM SIGGRAPH Computer Graphics",
    year = 1990,
    volume = 24,
    number = 4,
    pages = "197-206",
}

@inproceedings{voxels-for-fur,
  author    = "J. T. Kajiya and T. L. Kay",
  title     = "Rendering fur with three dimensional textures",
  booktitle = "SIGGRAPH",
  year      = 1989,
  pages     = "271-280",
}

@inproceedings{voxels-for-trees,
  author    = "Philippe Decaudin and Fabrice Neyret",
  title     = "Rendering forest scenes in real-time",
  booktitle = "Rendering Techniques (EGSR)",
  year      = 2004,
  pages     = "93-102",
}

@misc{rust-lang,
    author = "Rust",
    title = "Rust",
    howpublished = "\url{https://www.rust-lang.org/}",
    year = 2023,
}

@manual{opengl-spec,
    organization = "Khronos Group",
    author = "Khronos",
    title = "OpenGL Core Profile",
    number = "4.6",
    year = 2022,
    month = 5,
}

@manual{glsl-spec,
    organization = "Khronos Group",
    author = "Khronos",
    title = "The OpenGL Shading Language",
    number = "4.6",
    year = 2023,
    month = 8,
}

@article{normal-map-filtering,
    author = "Charles Han and Bo Sun and Ravi Ramamoorthi and Eitan Grinspun",
    title = "Frequency domain normal map filtering",
    journal = "ACM Transactions on Graphics",
    year = 2007,
    volume = 26,
    number = 3,
    pages = "28-es",
}

@article{toksvig,
    author = "Michael Toksvig",
    title = "Mipmapping normal maps",
    journal = "Journal of graphics, gpu, and game tools",
    year = 2005,
    volume = 10,
    number = 3,
    pages = "65-71",
}

@article{whitted-1980,
    author = "Turner Whitted",
    title = "An improved illumination model for shaded display",
    journal = "Communications of the ACM",
    year = 1980,
    volume = 23,
    number = 6,
    pages = "343–349",
}

@article{voxel-smoke,
    author = "Ronald Fedkiw and Jos Stam and Henrik Wann Jensen",
    title = "Visual Simulation of Smoke",
    journal = "SIGGRAPH",
    year = 2001,
}

@inbook{real-time-photon-mapping,
    title = "Real-Time Global Illumination with Photon Mapping",
    author = "Niklas Smal and Maksim Aizenshtein",
    year = 2019,
    language = "English",
    pages = "409-434",
    booktitle = "Ray Tracing Gems",
    publisher = "Springer Science+Business Media",
}

@article{transport-based-neural-style-transfer,
    author = "Byungsoo Kim and Vinicius C. Azevedo and Markus Gross and Barbara Solenthaler",
    title = "Transport-based neural style transfer for smoke simulations",
    journal = "ACM Transactions on Graphics",
    year = 2019,
    volume = 38,
    number = 6,
    pages = "1-11",
}

@inproceedings{elemental-neural-style-transfer,
    author = "Paul Kanyuk and Vinicius Azevedo and Raphael Ortiz and Jingwei Tang",
    title = "Singed Silhouettes and Feed Forward Flames: Volumetric Neural Style Transfer for Expressive Fire Simulation",
    booktitle = "SIGGRAPH '23: ACM SIGGRAPH 2023 Talks",
    year = 2023,
}

@book{opticks,
	author = "Isaac Newton",
	publisher = "Dover Press",
	title = "Opticks",
	year = 1704
}

@book{maxwell-equations,
    title = "A Treatise on Electricity and Magnetism",
    publisher = "Clarendon Press",
    author = "Maxwell, James Clerk",
    year = 1873,
}

@book{quantum-light,
    title = "The Quantum Theory of Light",
    author = "Rodney Loudon",
    year = 1965,
}

@book{optics-eugene-hecht,
    title = "Optics",
    author = "Eugene Hecht",
    publisher = "Pearson",
    edition = 5,
    year = 2017,
}

@article{blinn-phong,
    author = "James F. Blinn",
    title = "Models of light reflection for computer synthesized pictures",
    journal = "ACM SIGGRAPH Computer Graphics",
    volume = 11,
    number = 2,
    year = 1977,
    pages = "192-198",
}

@article{octree-textures,
    author = "David Benson and Joel Davis",
    title = "Octree Textures",
    journal = "ACM Transactions on Graphics",
    volume = 21,
    number = 3,
    year = 2002,
    pages = "785-790",
}

@misc{comparison-graphics-apis,
    author = "Alain Galvan",
    title = "A Comparison of Modern Graphics APIs",
    howpublished = "\url{https://alain.xyz/blog/comparison-of-modern-graphics-apis}",
    note = "Accedido el 14 de diciembre 2023",
    year = 2021
}

@article{ray-tracing-with-cones,
    author = "John Amanatides",
    title = "Ray tracing with cones",
    journal = "ACM SIGGRAPH Computer Graphics",
    year = 1984,
    volume = 18,
    number = 3,
    pages = "129-135",
}

@misc{review-of-brdf-models,
    author = "Rosana Montes and Carlos Ureña",
    title = "An Overview of BRDF Models",
    howpublished = "\url{http://hdl.handle.net/10481/19751}",
    year = 2012,
    month = 3,
}

@misc{tobj-crate,
    author = "Will Usher",
    title = "Tiny OBJ Loader in Rust",
    howpublished = "\url{https://github.com/Twinklebear/tobj/tree/3.2.2}",
    year = 2022,
    month = 4,
}

@article{image-super-resolution-survey,
    author = "Zhihao Wang and Jian Chen and Steven C. H. Hoi",
    title = "Deep Learning for Image Super-Resolution: A Survey",
    journal = "IEEE Transactions on Pattern Analysis and Machine Intelligence",
    year = 2020,
    volume = 43,
    number = 10,
}

% % ejemplo artículo
% @article{CitekeyArticle,
%   author   = "P. J. Cohen",
%   title    = "The independence of the continuum hypothesis",
%   journal  = "Proceedings of the National Academy of Sciences",
%   year     = 1963,
%   volume   = "50",
%   number   = "6",
%   pages    = "1143--1148",
% }

% % ejemplo libro
% @book{CitekeyBook,
%   author    = "Leonard Susskind and George Hrabovsky",
%   title     = "Classical mechanics: the theoretical minimum",
%   publisher = "Penguin Random House",
%   address   = "New York, NY",
%   year      = 2014
% }

% % ejemplo artículo de conferencia 
% @inproceedings{CitekeyInproceedings,
%   author    = "Holleis, Paul and Wagner, Matthias and Koolwaaij, Johan",
%   title     = "Studying mobile context-aware social services in the wild",
%   booktitle = "Proc. of the 6th Nordic Conf. on Human-Computer Interaction",
%   series    = "NordiCHI",
%   year      = 2010,
%   pages     = "207--216",
%   publisher = "ACM",
%   address   = "New York, NY"
% }

% % ejemplo Manual
% @manual{CitekeyManual,
%   title        = "{R}: A Language and Environment for Statistical Computing",
%   author       = "{R Core Team}",
%   organization = "R Foundation for Statistical Computing",
%   address      = "Vienna, Austria",
%   year         = 2018
% }

% % ejemplo para otros, como páginas web
% @misc{CitekeyMisc,
%   title        = "Pluto: The 'Other' Red Planet",
%   author       = "{NASA}",
%   howpublished = "\url{https://www.nasa.gov/nh/pluto-the-other-red-planet}",
%   year         = 2015,
%   note         = "Accessed: 2018-12-06"
% }
